@techreport{yTCAmOyt,
  author = {Gilead Sciences,},
  publisher = {clinicaltrials.gov},
  title = {A {Phase} 3 {Randomized} {Study} to {Evaluate} the {Safety}
    and {Antiviral} {Activity} of {Remdesivir}
    {(GS-5734}\textsuperscript{{TM}}) in {Participants} {With} {Severe}
    {COVID-19}},
  number = {NCT04292899},
  year = {2020},
  month = {dec}
}
@article{xOs5ctsW,
  author = {Wiersinga, W. Joost and Rhodes, Andrew and Cheng, Allen C.
    and Peacock, Sharon J. and Prescott, Hallie C.},
  publisher = {American Medical Association (AMA)},
  title = {Pathophysiology, {Transmission,} {Diagnosis,} and {Treatment}
    of {Coronavirus} {Disease} 2019 {(COVID-19)}},
  journal = {JAMA},
  volume = {324},
  number = {8},
  pages = {782},
  year = {2020},
  month = {aug}
}
@article{18eCxyLhx,
  author = {Sanders, James M. and Monogue, Marguerite L. and Jodlowski,
    Tomasz Z. and Cutrell, James B.},
  publisher = {American Medical Association (AMA)},
  title = {Pharmacologic {Treatments} for {Coronavirus} {Disease} 2019
    {(COVID-19)}},
  journal = {JAMA},
  year = {2020},
  month = {apr}
}
@article{5x25saIz,
  author = {Vabret, Nicolas and Britton, Graham J. and Gruber, Conor and
    Hegde, Samarth and Kim, Joel and Kuksin, Maria and Levantovsky,
    Rachel and Malle, Louise and Moreira, Alvaro and Park, Matthew D.
    and Pia, Luisanna and Risson, Emma and Saffern, Miriam and Salomé,
    Bérengère and Esai Selvan, Myvizhi and Spindler, Matthew P. and Tan,
    Jessica and van der Heide, Verena and Gregory, Jill K. and
    Alexandropoulos, Konstantina and Bhardwaj, Nina and Brown, Brian D.
    and Greenbaum, Benjamin and Gümüş, Zeynep H. and Homann, Dirk and
    Horowitz, Amir and Kamphorst, Alice O. and Curotto de Lafaille,
    Maria A. and Mehandru, Saurabh and Merad, Miriam and Samstein,
    Robert M. and Agrawal, Manasi and Aleynick, Mark and Belabed, Meriem
    and Brown, Matthew and Casanova-Acebes, Maria and Catalan, Jovani
    and Centa, Monica and Charap, Andrew and Chan, Andrew and Chen,
    Steven T. and Chung, Jonathan and Bozkus, Cansu Cimen and Cody, Evan
    and Cossarini, Francesca and Dalla, Erica and Fernandez, Nicolas and
    Grout, John and Ruan, Dan Fu and Hamon, Pauline and Humblin, Etienne
    and Jha, Divya and Kodysh, Julia and Leader, Andrew and Lin, Matthew
    and Lindblad, Katherine and Lozano-Ojalvo, Daniel and Lubitz,
    Gabrielle and Magen, Assaf and Mahmood, Zafar and Martinez-Delgado,
    Gustavo and Mateus-Tique, Jaime and Meritt, Elliot and Moon, Chang
    and Noel, Justine and O’Donnell, Tim and Ota, Miyo and Plitt, Tamar
    and Pothula, Venu and Redes, Jamie and Reyes Torres, Ivan and
    Roberto, Mark and Sanchez-Paulete, Alfonso R. and Shang, Joan and
    Schanoski, Alessandra Soares and Suprun, Maria and Tran, Michelle
    and Vaninov, Natalie and Wilk, C. Matthias and Aguirre-Ghiso, Julio
    and Bogunovic, Dusan and Cho, Judy and Faith, Jeremiah and Grasset,
    Emilie and Heeger, Peter and Kenigsberg, Ephraim and Krammer,
    Florian and Laserson, Uri},
  publisher = {Elsevier BV},
  title = {Immunology of {COVID-19:} {Current} {State} of the {Science}},
  journal = {Immunity},
  volume = {52},
  number = {6},
  pages = {910-941},
  year = {2020},
  month = {jun}
}
@article{I2EsJmfs,
  author = {Sun, Jiumeng and He, Wan-Ting and Wang, Lifang and Lai,
    Alexander and Ji, Xiang and Zhai, Xiaofeng and Li, Gairu and
    Suchard, Marc A. and Tian, Jin and Zhou, Jiyong and Veit, Michael
    and Su, Shuo},
  publisher = {Elsevier BV},
  title = {COVID-19: {Epidemiology,} {Evolution,} and
    {Cross-Disciplinary} {Perspectives}},
  journal = {Trends in Molecular Medicine},
  volume = {26},
  number = {5},
  pages = {483-495},
  year = {2020},
  month = {may}
}
@article{nnfOazAC,
  author = {Zarocostas, John},
  publisher = {Elsevier BV},
  title = {How to Fight an Infodemic},
  journal = {The Lancet},
  volume = {395},
  number = {10225},
  pages = {676},
  year = {2020},
  month = {feb}
}
@article{DfSr1Ohc,
  author = {Eysenbach, Gunther},
  publisher = {Elsevier BV},
  title = {The Impact of Preprint Servers and Electronic Publishing on
    Biomedical Research},
  journal = {Current Opinion in Immunology},
  volume = {12},
  number = {5},
  pages = {499-503},
  year = {2000},
  month = {oct}
}
@article{SAE5ME3N,
  author = {Carvalho, Thiago},
  publisher = {Springer Science and Business Media LLC},
  title = {COVID-19 {Research} in {Brief:} {December,} 2019 to {June,}
    2020},
  journal = {Nature Medicine},
  volume = {26},
  number = {8},
  pages = {1152-1153},
  year = {2020},
  month = {jun}
}
@article{YZ4cHNuH,
  author = {Vabret, Nicolas and Samstein, Robert and Fernandez, Nicolas
    and Merad, Miriam and The Sinai Immunology Review Project and
    Trainees and Faculty},
  publisher = {Springer Science and Business Media LLC},
  title = {Advancing Scientific Knowledge in Times of Pandemics},
  journal = {Nature Reviews Immunology},
  volume = {20},
  number = {6},
  pages = {338-338},
  year = {2020},
  month = {apr}
}
@article{1HZeeO4Cs,
  author = {Gog, Julia R.},
  publisher = {Springer Science and Business Media LLC},
  title = {How You Can Help with {COVID-19} Modelling},
  journal = {Nature Reviews Physics},
  volume = {2},
  number = {6},
  pages = {274-275},
  year = {2020},
  month = {apr}
}
@article{7ub6VM4Z,
  author = {Vlasschaert, Caitlyn and Topf, Joel M. and Hiremath,
    Swapnil},
  publisher = {Elsevier BV},
  title = {Proliferation of {Papers} and {Preprints} {During} the
    {Coronavirus} {Disease} 2019 {Pandemic:} {Progress} or {Problems}
    {With} {Peer} {Review?}},
  journal = {Advances in Chronic Kidney Disease},
  volume = {27},
  number = {5},
  pages = {418-426},
  year = {2020},
  month = {sep}
}
@article{PZMP42Ak,
  author = {Ching, Travers and Himmelstein, Daniel S. and
    Beaulieu-Jones, Brett K. and Kalinin, Alexandr A. and Do, Brian T.
    and Way, Gregory P. and Ferrero, Enrico and Agapow, Paul-Michael and
    Zietz, Michael and Hoffman, Michael M. and Xie, Wei and Rosen, Gail
    L. and Lengerich, Benjamin J. and Israeli, Johnny and Lanchantin,
    Jack and Woloszynek, Stephen and Carpenter, Anne E. and Shrikumar,
    Avanti and Xu, Jinbo and Cofer, Evan M. and Lavender, Christopher A.
    and Turaga, Srinivas C. and Alexandari, Amr M. and Lu, Zhiyong and
    Harris, David J. and DeCaprio, Dave and Qi, Yanjun and Kundaje,
    Anshul and Peng, Yifan and Wiley, Laura K. and Segler, Marwin H. S.
    and Boca, Simina M. and Swamidass, S. Joshua and Huang, Austin and
    Gitter, Anthony and Greene, Casey S.},
  publisher = {The Royal Society},
  title = {Opportunities and Obstacles for Deep Learning in Biology and
    Medicine},
  journal = {Journal of The Royal Society Interface},
  volume = {15},
  number = {141},
  pages = {20170387},
  year = {2018},
  month = {apr}
}
@article{1026Gxdsi,
  author = {Hunter, John D.},
  publisher = {Institute of Electrical and Electronics Engineers (IEEE)},
  title = {Matplotlib: {A} {2D} {Graphics} {Environment}},
  journal = {Computing in Science \& Engineering},
  volume = {9},
  number = {3},
  pages = {90-95},
  year = {2007}
}
@article{evtsR3C5,
  author = {Weissleder, Ralph and Lee, Hakho and Ko, Jina and Pittet,
    Mikael J.},
  publisher = {American Association for the Advancement of Science
    (AAAS)},
  title = {COVID-19 Diagnostics in Context},
  journal = {Science Translational Medicine},
  volume = {12},
  number = {546},
  pages = {eabc1931},
  year = {2020},
  month = {jun}
}
@article{YuJbg3zO,
  author = {Himmelstein, Daniel S. and Rubinetti, Vincent and Slochower,
    David R. and Hu, Dongbo and Malladi, Venkat S. and Greene, Casey S.
    and Gitter, Anthony},
  publisher = {Public Library of Science (PLoS)},
  title = {Open Collaborative Writing with {Manubot}},
  journal = {PLOS Computational Biology},
  volume = {15},
  number = {6},
  pages = {e1007128},
  year = {2019},
  month = {jun}
}
@article{17OQtAY4l,
  author = {Corcoran, M.},
  publisher = {AOTA Press},
  title = {Using the {MAARIE} {Framework} {To} {Read} the {Research}
    {Literature}},
  journal = {American Journal of Occupational Therapy},
  volume = {60},
  number = {4},
  pages = {367-368},
  year = {2006},
  month = {jul}
}
@misc{SSbnPnzT,
  author = {DeVito, Nick and Inglesby, Peter},
  title = {Evidence-Based {Medicine} {Data} {Lab} {COVID-19}
    {TrialsTracker}},
  year = {2020},
  month = {mar}
}
@article{i2CGFwI3,
  author = {COVID-19 Review Consortium},
  title = {Vaccine {Development} {Strategies} for {SARS-CoV-2}},
  journal = {Manubot},
  year = {2021},
  month = {feb}
}
@misc{MrwDDw9R,
  author = {Center for Systems Science and Engineering at Johns Hopkins
    University},
  title = {COVID-19 {Data} {Repository}}
}
@book{11MwmdOKi,
  publisher = {Greene Laboratory},
  title = {Greenelab/Covid19-Review},
  year = {2021},
  month = {feb}
}
@book{cYo4O2qX,
  publisher = {Human Immune Monitoring Center at Mount Sinai},
  title = {Ismms-Himc/Covid-19\_sinai\_reviews},
  year = {2020},
  month = {jul}
}
@techreport{yTsmmAYC,
  author = {Rando, Halie M. and Greene, Casey S. and Robson, Michael P.
    and Boca, Simina M. and Wellhausen, Nils and Lordan, Ronan and
    Brueffer, Christian and Ray, Sandipan and McGowan, Lucy
    D\textbackslash’Agostino and Gitter, Anthony and Dattoli, Anna Ada
    and Velazquez, Ryan and Barton, John P. and Field, Jeffrey M. and
    Ramsundar, Bharath and MacLean, Adam L. and Lee, Alexandra J. and
    Medicine, Immunology Institute of the Icahn School of and Hu,
    Fengling and Jadavji, Nafisa M. and Sell, Elizabeth and Wang, Jinhui
    and Rafizadeh, Diane N. and Skelly, Ashwin N. and Guebila, Marouen
    Ben and Kolla, Likhitha and Manheim, David and Ghosh, Soumita and
    Byrd, James Brian and Park, YoSon and Bansal, Vikas and Capone,
    Stephen and Dziak, John J. and Sun, Yuchen and Qi, Yanjun and
    Shinholster, Lamonica and Lukan, Temitayo and Knyazev, Sergey and
    Perrin, Dimitri and Mangul, Serghei and Das, Shikta and Szeto,
    Gregory L. and Lubiana, Tiago and Mai, David and Consortium,
    COVID-19 Review and Goel, Rishi Raj},
  publisher = {Manubot},
  title = {SARS-CoV-2 and {COVID-19:} {An} {Evolving} {Review} of
    {Diagnostics} and {Therapeutics}},
  year = {2021},
  month = {feb}
}
@techreport{heDA5StF,
  author = {Greene, Casey S. and Himmelstein, Daniel S. and Elton,
    Daniel C. and Christensen, Brock C. and Gitter, Anthony and Titus,
    Alexander J. and Levy, Joshua J.},
  publisher = {Manubot},
  title = {Opportunities and Obstacles for Deep Learning in Biology and
    Medicine {[}Update in Progress{]}},
  year = {2020},
  month = {nov}
}
@misc{DGTDsJZy,
  title = {Undergraduate {Mentoring} - {American} {Physician}
    {Scientists} {Association}}
}
@misc{snhvVGmP,
  title = {Zotero \textbar{} {Your} Personal Research Assistant}
}

